<record><leader>00000cas a2200000 a 4500</leader><controlfield tag="001">12958461</controlfield><controlfield tag="008">851230d191u1974aruwr ne      0    0eng d</controlfield><datafield ind1=" " ind2=" " tag="010"><subfield code="a">sn 85067286 </subfield></datafield><datafield ind1=" " ind2=" " tag="040"><subfield code="a">KSH</subfield><subfield code="b">eng</subfield><subfield code="c">KSH</subfield><subfield code="d">NPT</subfield><subfield code="d">ANU</subfield><subfield code="d">OCL</subfield><subfield code="d">OCLCQ</subfield><subfield code="d">OCLCF</subfield><subfield code="d">OCLCO</subfield><subfield code="d">OCLCA</subfield></datafield><datafield ind1="1" ind2=" " tag="029"><subfield code="a">AU@</subfield><subfield code="b">000022171810</subfield></datafield><datafield ind1=" " ind2=" " tag="042"><subfield code="a">msc</subfield></datafield><datafield ind1=" " ind2=" " tag="043"><subfield code="a">n-us-ar</subfield></datafield><datafield ind1="0" ind2="4" tag="245"><subfield code="a">The Foreman sun.</subfield></datafield><datafield ind1=" " ind2=" " tag="260"><subfield code="a">Foreman, Little River County, Ark. :</subfield><subfield code="b">W.B. Coley</subfield></datafield><datafield ind1=" " ind2=" " tag="300"><subfield code="a">v. :</subfield><subfield code="b">ill. ;</subfield><subfield code="c">55 cm.</subfield></datafield><datafield ind1=" " ind2=" " tag="310"><subfield code="a">Weekly</subfield></datafield><datafield ind1="0" ind2=" " tag="362"><subfield code="a">-v. 74, no. 36 (Dec. 26, 1974).</subfield></datafield><datafield ind1=" " ind2=" " tag="588"><subfield code="a">Description based on: Vol. 17, no. 36 (Jan. 18, 1918).</subfield></datafield><datafield ind1=" " ind2="0" tag="651"><subfield code="a">Foreman (Ark.)</subfield><subfield code="v">Newspapers.</subfield></datafield><datafield ind1=" " ind2="7" tag="655"><subfield code="a">Newspapers.</subfield><subfield code="2">fast</subfield><subfield code="0">(OCoLC)fst01423814</subfield></datafield><datafield ind1=" " ind2="7" tag="651"><subfield code="a">Arkansas</subfield><subfield code="z">Foreman.</subfield><subfield code="2">fast</subfield><subfield code="0">(OCoLC)fst01877494</subfield></datafield><datafield ind1=" " ind2=" " tag="752"><subfield code="a">United States</subfield><subfield code="b">Arkansas</subfield><subfield code="c">Little River</subfield><subfield code="d">Foreman.</subfield></datafield><datafield ind1="0" ind2="0" tag="780"><subfield code="t">Sun (Foreman, Ark.)</subfield><subfield code="w">(DLC)sn 90050315</subfield></datafield><datafield ind1="0" ind2="4" tag="785"><subfield code="t">Little River news (Ashdown, Ark.)</subfield><subfield code="w">(DLC)sn 90050316</subfield></datafield></record>